<collection xmlns="http://www.loc.gov/MARC21/slim">
<record>
  <leader>00491na 0a22001331i 450 </leader>
  <controlfield tag="001">IT\ICCU\CNCE\074447</controlfield>
  <controlfield tag="005">20090811000000.0</controlfield>
  <datafield tag="100" ind1=" " ind2=" ">
    <subfield code="a">20090811             0itac0103    ba</subfield>
  </datafield>
  <datafield tag="101" ind1=" " ind2=" ">
    <subfield code="a">LAT</subfield>
  </datafield>
  <datafield tag="200" ind1="1" ind2=" ">
    <subfield code="a">Appendix ad superiores locorum medicin ̆communium libros</subfield>
  </datafield>
  <datafield tag="700" ind1=" " ind2="1">
    <subfield code="a">Valleriole,</subfield>
    <subfield code="b">Franȯis</subfield>
    <subfield code="3">IT\ICCU\CNCA\005639</subfield>
  </datafield>
  <datafield tag="790" ind1=" " ind2="1">
    <subfield code="a">Valleriola,</subfield>
    <subfield code="b">Franȯis</subfield>
    <subfield code="3">IT\ICCU\CNCA\024820</subfield>
    <subfield code="z">Valleriole, Franȯis</subfield>
  </datafield>
  <datafield tag="790" ind1=" " ind2="1">
    <subfield code="a">Valleriola,</subfield>
    <subfield code="b">Franciscus</subfield>
    <subfield code="3">IT\ICCU\CNCA\024821</subfield>
    <subfield code="z">Valleriole, Franȯis</subfield>
  </datafield>
  <datafield tag="801" ind1=" " ind2="3">
    <subfield code="a">IT</subfield>
    <subfield code="b">ICCU</subfield>
    <subfield code="c">20201115</subfield>
  </datafield>
</record>
</collection>
